%% This BibTeX bibliography file was created using BibDesk.
%% http://bibdesk.sourceforge.net/


%% Created for Diego de Souza Lopes at 2011-09-13 20:06:02 -0300 


%% Saved with string encoding Unicode (UTF-8) 



@article{art-packetfence,
	Author = {Marcotte, Ludovic; Gehl, Dominik},
	howpublished={01 Abr. 2007},
	Journal = {Linux Journal},
	url={http://www.linuxjournal.com/article/9551},
	Month = {Abr},
	Title = {PacketFence},
	Year = {2007}
}

@patent{captive,
	Author = {Petros, Zerfos et al},
	Howpublished = {23 Jul. 2009},
	Number = {US 2009/0187983 A1},
	Organization = {University of Illionis, Urbana, IL (US)},
	Title = {Method and System for Distributed Localized Authentication in the Framework of 802.11}
}
@patent{nac,
	Author = {Shinsuke, Suzuki et al},
	Howpublished = {29 Mar. 2011},
	Number = {US 7917621},
	Organization = {Alaxala Networks Corporation, Kanagawa (JP)},
	Title = {Method and System for Network Access Control}
}

@electronic{pf-doc-guide,
	Author = {Inverse},
	Key = {PacketFence Admin Guide},
	Month = {Jul},
	Organization = {Inverse CA},
	Title = {PacketFence Administration Guide},
	Url = {http://www.packetfence.org/downloads/PacketFence/doc/PacketFence_Administration_Guide-2.2.1.pdf},
	Year = {2011},
	Url= {http://www.packetfence.org/downloads/PacketFence/doc/PacketFence_Administration_Guide-2.2.1.pdf}
}

@electronic{pf-doc-devices,
	Author = {Inverse},
	Key = {PacketFence Devices Configuration Guide},
	Month = {Jul},
	Organization = {Inverse CA},
	Title = {PacketFence Network Devices Configuration Guide},
	Url = {http://www.packetfence.org/downloads/PacketFence/doc/PacketFence_Network_Devices_Configuration_Guide-2.2.1.pdf},
	Year = {2011},
	Url= {http://www.packetfence.org/downloads/PacketFence/doc/PacketFence_Network_Devices_Configuration_Guide-2.2.1.pdf}
}

@electronic{pf-doc-devel,
	Author = {Inverse},
	Key = {PacketFence Developers Guide},
	Month = {Jul},
	Organization = {Inverse CA},
	Title = {PacketFence Developers Guide},
	Url = {http://www.packetfence.org/downloads/PacketFence/doc/PacketFence_Developers_Guide-2.2.1.pdf},
	Year = {2011},
	Url= {http://www.packetfence.org/downloads/PacketFence/doc/PacketFence_Developers_Guide-2.2.1.pdf}
}

@Electronic{pf-doc-zen,
	Author = {Inverse},
	Key = {PacketFenceZEN Installation Guide},
	Month = {Jul},
	Organization = {Inverse CA},
	Title = {PacketFenceZEN Installation Guide},
	Url = {http://sourceforge.net/projects/packetfence/files/PacketFence%20ZEN/2.2.1/PacketFenceZEN_Installation_Guide-2.2.1.pdf/download},
	Year = {2011}
}

@misc{url-pf,
	Author = {PacketFence},
	Month = {Jul},
	Title = {Site PacketFence},
	Url = {http://www.packetfence.org},
	Urlaccessdate = {23 Jul. 2011},
	Year = {2011}
}

@Eletronic{rfc-3584,
	Author = {Frye, Rob et al},
	Key = {RFC 3584},
	Month = {Ago},
	Organization = {Internet Engineering Task Force},
	Title = {Coexistence between Version 1, Version 2, and Version 3 of the Internet-standard Network Management Framework},
	Url = {http://tools.ietf.org/html/rfc3584},
	Urlaccessdate = {23 Jul. 2011},
	Year = {2003}
}
@Electronic{802.1x,
	Author = {IEEE},
	Key = {802.1X},
	Month = {Mar},
	Organization = {Institute of Electrical and Electronics Engineers},
	Title = {Port-Based Network Access Control - Revision of IEEE Std 802.1X-2004},
	Url = {http://tools.ietf.org/html/rfc2576},
	Urlaccessdate = {13 Set. 2011},
	Year = {2010}
}
@Electronic{interop-nac,
	Key = {What is NAC},
	Month = {May},
	Organization = {INTEROP LABS},
	Title = {What is NAC},
	Url = {http://www.interop.com/archive/pdfs/NAC.pdf},
	Urlaccessdate = {19 Set. 2011},
	Year = {2006}
}
@Electronic{mfrizzi,
	Author = {Frizzi, Manlio},
	Key = {NAC 2.0},
	Month = {Dec},
	Title = {NAC 2.0: A new model for a more secure future},
	Url = {http://www.articlesbase.com/security-articles/nac-20-a-new-model-for-a-more-secure-future-1579991.html},
	Urlaccessdate = {20 Set. 2011},
	Year = {2009}
}
@Electronic{rfc-2131,
	Author = {Droms, Ralph},
	Key = {RFC 2131},
	Month = {Mar},
	Organization = {Bucknell University, Lewisburg, PA},
	Title = {Dynamic Host Configuration Protocol},
	Url = {http://tools.ietf.org/html/rfc2131},
	Urlaccessdate = {20 Set. 2011},
	Year = {1997}
}
@Electronic{fingerbank,
	Author = {FingerBank},
	Key = {fingerbank},
	Organization = {Inverse Inc},
	Title = {DHCP fingerprints},
	Url = {http://www.fingerbank.org},
	Urlaccessdate = {27 Set. 2011}
}